@article{pinar2000turing,
  title={Turing test: 50 years later},
  author={Pinar Saygin, Ayse and Cicekli, Ilyas and Akman, Varol},
  journal={Minds and machines},
  volume={10},
  number={4},
  pages={463--518},
  year={2000},
  publisher={Springer}
}

@article{bert-score,
  title={Bertscore: Evaluating text generation with bert},
  author={Zhang, Tianyi and Kishore, Varsha and Wu, Felix and Weinberger, Kilian Q and Artzi, Yoav},
  journal={arXiv preprint arXiv:1904.09675},
  year={2019}
}